<record><leader>00000cas a2200000 a 4500</leader><controlfield tag="001">27303058</controlfield><controlfield tag="008">930121c19189999okudn ne      0    0eng d</controlfield><datafield ind1=" " ind2=" " tag="010"><subfield code="a">sn 97064985 </subfield></datafield><datafield ind1=" " ind2=" " tag="040"><subfield code="a">OKN</subfield><subfield code="b">eng</subfield><subfield code="c">OKN</subfield><subfield code="d">OBN</subfield><subfield code="d">OCL</subfield><subfield code="d">OCLCQ</subfield><subfield code="d">OCLCF</subfield><subfield code="d">OCLCO</subfield></datafield><datafield ind1="1" ind2=" " tag="029"><subfield code="a">AU@</subfield><subfield code="b">000013335484</subfield></datafield><datafield ind1=" " ind2=" " tag="042"><subfield code="a">msc</subfield></datafield><datafield ind1=" " ind2=" " tag="043"><subfield code="a">n-us-ok</subfield></datafield><datafield ind1="0" ind2="0" tag="245"><subfield code="a">Okmulgee daily times.</subfield></datafield><datafield ind1="3" ind2=" " tag="246"><subfield code="a">Okmulgee daily times with which is combined the Okmulgee daily democrat</subfield></datafield><datafield ind1=" " ind2=" " tag="260"><subfield code="a">Okmulgee, Okla. :</subfield><subfield code="b">Chieftain Pub. Co.</subfield></datafield><datafield ind1=" " ind2=" " tag="300"><subfield code="a">v.</subfield></datafield><datafield ind1=" " ind2=" " tag="310"><subfield code="a">Daily (except Monday),</subfield><subfield code="b">Feb. 29, 1948-</subfield></datafield><datafield ind1=" " ind2=" " tag="321"><subfield code="a">Daily (except Sat. and Mon.),</subfield><subfield code="b">May 23, 1926-Feb. 28, 1948</subfield></datafield><datafield ind1=" " ind2=" " tag="321"><subfield code="a">Daily (except Mon.),</subfield><subfield code="b">Mar. 15, 1919-May 22, 1926</subfield></datafield><datafield ind1="1" ind2=" " tag="362"><subfield code="a">Began in 1918.</subfield></datafield><datafield ind1=" " ind2=" " tag="580"><subfield code="a">Afternoon ed.: Okmulgee daily democrat, May 23, 1926-Feb. 29, 1932.</subfield></datafield><datafield ind1=" " ind2=" " tag="588"><subfield code="a">Description based on: Vol. 1, no. 76 (Mar. 15, 1919).</subfield></datafield><datafield ind1=" " ind2="0" tag="651"><subfield code="a">Okmulgee (Okla.)</subfield><subfield code="v">Newspapers.</subfield></datafield><datafield ind1=" " ind2="0" tag="651"><subfield code="a">Okmulgee County (Okla.)</subfield><subfield code="v">Newspapers.</subfield></datafield><datafield ind1=" " ind2="7" tag="655"><subfield code="a">Newspapers.</subfield><subfield code="2">fast</subfield><subfield code="0">(OCoLC)fst01423814</subfield></datafield><datafield ind1=" " ind2="7" tag="651"><subfield code="a">Oklahoma</subfield><subfield code="z">Okmulgee.</subfield><subfield code="2">fast</subfield><subfield code="0">(OCoLC)fst01220629</subfield></datafield><datafield ind1=" " ind2="7" tag="651"><subfield code="a">Oklahoma</subfield><subfield code="z">Okmulgee County.</subfield><subfield code="2">fast</subfield><subfield code="0">(OCoLC)fst01216111</subfield></datafield><datafield ind1=" " ind2=" " tag="752"><subfield code="a">United States</subfield><subfield code="b">Oklahoma</subfield><subfield code="c">Okmulgee</subfield><subfield code="d">Okmulgee.</subfield></datafield><datafield ind1="1" ind2=" " tag="775"><subfield code="t">Okmulgee daily democrat</subfield><subfield code="w">(DLC)sn 97064984</subfield><subfield code="w">(OCoLC)37208178</subfield></datafield><datafield ind1="1" ind2=" " tag="775"><subfield code="t">Sunday times-democrat (Okmulgee, Okla.)</subfield><subfield code="w">(DLC)sn 97064986</subfield><subfield code="w">(OCoLC)37208309</subfield></datafield><datafield ind1="0" ind2="5" tag="780"><subfield code="t">Okmulgee daily democrat</subfield><subfield code="w">(DLC)sn 97064984</subfield><subfield code="w">(OCoLC)37208178</subfield></datafield></record>